Suggestion: let's write BibTeX here. It might not look great in the wiki, but it's easy to add entries here.

@inproceedings{ho1995random,
  title={Random decision forests},
  author={Ho, T.K.},
  booktitle={Document Analysis and Recognition, 1995., Proceedings of the Third International Conference on},
  volume={1},
  pages={278--282},
  year={1995},
  organization={IEEE}
}

@article{breiman2001random,
  title={Random forests},
  author={Breiman, L.},
  journal={Machine learning},
  volume={45},
  number={1},
  pages={5--32},
  year={2001},
  publisher={Springer}
}

@book{lazarsfeld1968latent,
  title={Latent structure analysis},
  author={Lazarsfeld, P.F. and Henry, N.W.},
  year={1968},
  publisher={Houghton, Mifflin}
}

@book{bishop2006pattern,
  title={Pattern recognition and machine learning},
  author={Bishop, C.M. and SpringerLink (Service en ligne)},
  volume={4},
  year={2006},
  publisher={springer New York}
}

@article{bmix,
  title={BernoulliMix: Program package for finite mixture models of multivariate Bernoulli distributions},
  author={Hollm{\'e}n, J.},
  year={2009},
  journal={http://www. cis. hut. fi/jHollmen/BernoulliMix}
}

@article{wlsvm,
  title={{WLSVM}: Integrating LibSVM into Weka Environment},
  author={Yasser EL-Manzalawy and Vasant Honavar},
  year={2005},
  note={Software available at \url{http://www.cs.iastate.edu/~yasser/wlsvm/}}
}

@article{libsvm,
 author = {Chang, Chih-Chung and Lin, Chih-Jen},
 title = {{LIBSVM}: A library for support vector machines},
 journal = {ACM Transactions on Intelligent Systems and Technology},
 volume = {2},
 issue = {3},
 year = {2011},
 pages = {27:1--27:27},
 note =	 {Software available at \url{http://www.csie.ntu.edu.tw/~cjlin/libsvm}}
}

@article{weka,
  title={The WEKA data mining software: an update},
  author={Hall, M. and Frank, E. and Holmes, G. and Pfahringer, B. and Reutemann, P. and Witten, I.H.},
  journal={ACM SIGKDD Explorations Newsletter},
  volume={11},
  number={1},
  pages={10--18},
  year={2009},
  publisher={ACM}
}

@article{cortes1995support,
  title={Support-vector networks},
  author={Cortes, C. and Vapnik, V.},
  journal={Machine learning},
  volume={20},
  number={3},
  pages={273--297},
  year={1995},
  publisher={Springer}
}

@article{cover1965geometrical,
  title={Geometrical and statistical properties of systems of linear inequalities with applications in pattern recognition},
  author={Cover, T.M.},
  journal={Electronic Computers, IEEE Transactions on},
  number={3},
  pages={326--334},
  year={1965},
  publisher={IEEE}
}
